\setcitestyle{numbers,square,super}


@inproceedings{antoine2019vers,
  title={Vers un syst{\`e}me d'information pervasif pour un Smart Village},
  author={Antoine-Santoni, Thierry and Poggi, Bastien and Vittori, Evelyne and Van Hieu, Ho and Araujo, David and Aiello, Antoine},
  booktitle={Evolution des SI: vers des SI Pervasifs?},
  year={2019}
}

@article{gazis2021iot,
  title={What is IoT? The Internet of Things explained},
  author={Gazis, A},
  journal={Academia Letters},
  pages={2},
  year={2021}
}


@online{agexis,
  title = {Agexis Site Web},
  url = {https://www.agexis.com},
  note = {C'est le site web du Agexis},
}


@inproceedings{fagarasan2021agile,
  title={Agile, waterfall and iterative approach in information technology projects},
  author={Fagarasan, C and Popa, O and Pisla, A and Cristea, C},
  booktitle={IOP Conference Series: Materials Science and Engineering},
  volume={1169},
  number={1},
  pages={012025},
  year={2021},
  organization={IOP Publishing}
}

@article{sze1985metropolitan,
  title={A metropolitan area network},
  author={Sze, D},
  journal={IEEE Journal on Selected Areas in Communications},
  volume={3},
  number={6},
  pages={815--824},
  year={1985},
  publisher={IEEE}
}


@online{opg,
  title = {Open Source Guide},
  url = {https://open-source-guide.com/Solutions},
  note = {est le site ou on a utilisé pour vérifier les meilleurs solutions à implementer},
}

@inproceedings{lekic2018iot,
  title={IoT sensor integration to Node-RED platform},
  author={Leki{\'c}, Milica and Garda{\v{s}}evi{\'c}, Gordana},
  booktitle={2018 17th International Symposium Infoteh-Jahorina (Infoteh)},
  pages={1--5},
  year={2018},
  organization={IEEE}
}

@book{richardson2012getting,
  title={Getting started with raspberry PI},
  author={Richardson, Matt and Wallace, Shawn},
  year={2012},
  publisher={" O'Reilly Media, Inc."}
}

@online{linuxhint_dhcp_server,
  title = {How to Install DHCP Server on Ubuntu},
  author = {},
  organization = {LinuxHint},
  url = {https://linuxhint.com/install_dhcp_server_ubuntu/},
  urldate = {2023-05-30},
}


@online{blogcascade,
  author = {Blog Gestion de Projet},
  title = {Le modèle en cascade},
  year = {s.d.},
  url = {https://blog-gestion-de-projet.com/modele-en-cascade/},
  note = {Consulté le 10 septembre 2023},
}
